Automatically generated by Mendeley 1.8
Any changes to this file will be lost if it is regenerated by Mendeley.

@inproceedings{Newsham2010,
author = {Newsham, G.R. and Birt, BJ},
booktitle = {2nd ACM Workshop on Embedded Sensing Systems for Energy-Efficiency in Buildings (BuildSys 2010)},
file = {:Users/jahoward/Documents/Dropbox/Papers/Newsham, Birt - 2010 - Building-level occupancy data to improve ARIMA-based electricity use forecasts.pdf:pdf},
number = {BuildSys},
title = {{Building-level occupancy data to improve ARIMA-based electricity use forecasts}},
url = {http://dl.acm.org/citation.cfm?id=1878435},
year = {2010}
}
@inproceedings{Wren2007,
author = {Wren, CR and Ivanov, YA and Leigh, Darren and Westbues, J},
booktitle = {ICMI Workshop on Massive Datasets},
file = {:Users/jahoward/Documents/Dropbox/Papers/Wren et al. - 2007 - The MERL motion detector dataset 2007 workshop on massive datasets.pdf:pdf},
title = {{The MERL motion detector dataset: 2007 workshop on massive datasets}},
url = {https://merl.com/reports/docs/TR2007-069.pdf},
year = {2007}
}
@inproceedings{Agarwal2010,
address = {New York, New York, USA},
author = {Agarwal, Yuvraj and Balaji, Bharathan and Gupta, Rajesh and Lyles, Jacob and Wei, Michael and Weng, Thomas},
booktitle = {Proceedings of the 2nd ACM Workshop on Embedded Sensing Systems for Energy-Efficiency in Building - BuildSys '10},
doi = {10.1145/1878431.1878433},
file = {:Users/jahoward/Documents/Dropbox/Papers/Agarwal et al. - 2010 - Occupancy-driven energy management for smart building automation.pdf:pdf},
isbn = {9781450304580},
keywords = {occupancy detection system,wireless sensor network},
pages = {1},
publisher = {ACM Press},
title = {{Occupancy-driven energy management for smart building automation}},
url = {http://portal.acm.org/citation.cfm?doid=1878431.1878433},
year = {2010}
}
@misc{DOE2010,
author = {DOE, US},
booktitle = {http://buildingsdatabook.eren.doe.gov/},
title = {{Building Energy Databook}},
url = {http://buildingsdatabook.eren.doe.gov/},
year = {2010}
}
@inproceedings{Mamidi2012,
author = {Mamidi, Sunil and Chang, YH and Maheswaran, R},
booktitle = {International Conference on Autonomous Agents and Multi Agent Systems. AAMAS 2012},
file = {:Users/jahoward/Documents/Dropbox/Papers/Mamidi, Chang, Maheswaran - 2012 - Improving building energy efficiency with a network of sensing, learning and prediction agents.pdf:pdf},
keywords = {adaptive-agents,energy efficiency,environmental sens-,ing,occupancy prediction},
title = {{Improving building energy efficiency with a network of sensing, learning and prediction agents}},
url = {http://dl.acm.org/citation.cfm?id=2343582},
year = {2012}
}
@article{Hong2011,
author = {Hong, Wei-Chiang and Dong, Yucheng and Zheng, Feifeng and Wei, Shih Yung},
doi = {10.1016/j.amc.2011.01.073},
file = {:Users/jahoward/Documents/Dropbox/Papers/Hong et al. - 2011 - Hybrid evolutionary algorithms in a SVR traffic flow forecasting model.pdf:pdf},
issn = {00963003},
journal = {Applied Mathematics and Computation},
keywords = {hybrid genetic algorithm-simulated,support vector regression,traffic flow forecasting},
month = apr,
number = {15},
pages = {6733--6747},
publisher = {Elsevier Inc.},
title = {{Hybrid evolutionary algorithms in a SVR traffic flow forecasting model}},
url = {http://linkinghub.elsevier.com/retrieve/pii/S0096300311001081},
volume = {217},
year = {2011}
}
@article{Page2008,
author = {Page, J. and Robinson, D. and Morel, N. and Scartezzini, J.-L.},
file = {:Users/jahoward/Documents/Dropbox/Papers/Page et al. - 2008 - A generalised stochastich model for the simulation of occupant presence.pdf:pdf},
journal = {Energy and Buildings},
keywords = {markov chains,occupant behaviour,occupant presence,processes,stochastic},
pages = {83--98},
title = {{A generalised stochastich model for the simulation of occupant presence}},
volume = {40},
year = {2008}
}
@inproceedings{Ma2010,
author = {Ma, Yudong and Borrelli, Francesco and Hencey, Brandon},
booktitle = {America Control Conference},
file = {:Users/jahoward/Documents/Dropbox/Papers/Ma, Borrelli, Hencey - 2010 - Model predictive control for the operation of building cooling systems.pdf:pdf},
title = {{Model predictive control for the operation of building cooling systems}},
url = {http://ieeexplore.ieee.org/xpls/abs\_all.jsp?arnumber=5739562},
year = {2010}
}
@inproceedings{Goldstein2010,
address = {New York, New York, USA},
author = {Goldstein, Rhys and Tessier, Alex and Khan, Azam},
booktitle = {Proceedings of the 2010 Spring Simulation Multiconference on - SpringSim '10},
doi = {10.1145/1878537.1878725},
file = {:Users/jahoward/Documents/Dropbox/Papers/Goldstein, Tessier, Khan - 2010 - Schedule-calibrated occupant behavior simulation.pdf:pdf},
isbn = {9781450300698},
keywords = {adequacy of its lighting,air temperature,and air,as part of a,building performance simulation,conditions,energy de-,long-term collaborative modeling project,mand prediction,model calibration,occupant behavior,quality},
pages = {1},
publisher = {ACM Press},
title = {{Schedule-calibrated occupant behavior simulation}},
url = {http://portal.acm.org/citation.cfm?doid=1878537.1878725},
year = {2010}
}
@article{Williams2003,
author = {Williams, Billy M. and Hoel, Lester a.},
doi = {10.1061/(ASCE)0733-947X(2003)129:6(664)},
file = {:Users/jahoward/Documents/Dropbox/Papers/Williams, Hoel - 2003 - Modeling and Forecasting Vehicular Traffic Flow as a Seasonal ARIMA Process Theoretical Basis and Empirical Results.pdf:pdf},
issn = {0733947X},
journal = {Journal of Transportation Engineering},
number = {6},
pages = {664},
title = {{Modeling and Forecasting Vehicular Traffic Flow as a Seasonal ARIMA Process: Theoretical Basis and Empirical Results}},
url = {http://link.aip.org/link/JTPEDI/v129/i6/p664/s1\&Agg=doi},
volume = {129},
year = {2003}
}
@article{Zheng2006,
author = {Zheng, Weizhong and Lee, Der-Horng and Shi, Qixin},
doi = {10.1061/(ASCE)0733-947X(2006)132:2(114)},
file = {:Users/jahoward/Documents/Dropbox/Papers/Zheng, Lee, Shi - 2006 - Short-Term Freeway Traffic Flow Prediction Bayesian Combined Neural Network Approach.pdf:pdf},
issn = {0733947X},
journal = {Journal of Transportation Engineering},
number = {2},
pages = {114},
title = {{Short-Term Freeway Traffic Flow Prediction: Bayesian Combined Neural Network Approach}},
url = {http://link.aip.org/link/JTPEDI/v132/i2/p114/s1\&Agg=doi},
volume = {132},
year = {2006}
}
